@article{welch1995introduction,
  title={An introduction to the Kalman filter},
  author={Welch, Greg and Bishop, Gary and others},
  year={1995},
  publisher={Los Angeles, CA}
}

@book{maybeck1982stochastic,
  title={Stochastic models, estimation, and control},
  author={Maybeck, Peter S},
  volume={3},
  year={1982},
  publisher={Academic press}
}

@book{sutton2018reinforcement,
  title={Reinforcement learning: An introduction},
  author={Sutton, Richard S and Barto, Andrew G},
  year={2018},
  publisher={MIT press}
}
