@inproceedings{rawlik2013stochastic,
  title={On stochastic optimal control and reinforcement learning by approximate inference},
  author={Rawlik, Konrad and Toussaint, Marc and Vijayakumar, Sethu},
  booktitle={Twenty-Third International Joint Conference on Artificial Intelligence},
  year={2013}
}
